
@Book{		  james2013introduction,
  author	= {James, Gareth and Witten, Daniela and Hastie, Trevor and
		  Tibshirani, Robert},
  date-added	= {2013-10-30 15:46:57 +0000},
  date-modified	= {2013-10-30 15:47:12 +0000},
  publisher	= {Springer},
  title		= {An Introduction to Statistical Learning},
  year		= {2013}
}

@Article{	  ghosh2011grouped,
  author	= {Ghosh, Samiran},
  date-added	= {2013-05-26 15:58:37 +0000},
  date-modified	= {2013-05-26 15:58:37 +0000},
  journal	= {Statistics and Computing},
  number	= {3},
  pages		= {451--462},
  publisher	= {Springer},
  title		= {On the grouped selection and model complexity of the
		  adaptive elastic net},
  volume	= {21},
  year		= {2011}
}

@Article{	  hainmueller2012kernel,
  author	= {Hainmueller, Jens and Hazlett, Chad},
  date-added	= {2013-05-26 15:23:19 +0000},
  date-modified	= {2013-05-26 15:23:19 +0000},
  journal	= {Available at SSRN 2046206},
  title		= {Kernel regularized least squares: Moving beyond linearity
		  and additivity without sacrificing interpretability},
  year		= {2012}
}

@Article{	  rinaldo2009properties,
  author	= {Rinaldo, Alessandro},
  date-added	= {2013-05-24 16:34:31 +0000},
  date-modified	= {2013-05-24 16:34:31 +0000},
  journal	= {The Annals of Statistics},
  number	= {5B},
  pages		= {2922--2952},
  publisher	= {Institute of Mathematical Statistics},
  title		= {Properties and refinements of the fused lasso},
  volume	= {37},
  year		= {2009}
}

@Book{		  rihoux2008configurational,
  author	= {Rihoux, Beno{\^\i}t and Ragin, Charles C},
  date-added	= {2013-05-24 15:26:45 +0000},
  date-modified	= {2013-05-24 15:26:45 +0000},
  publisher	= {SAGE Publications, Incorporated},
  title		= {Configurational comparative methods: qualitative
		  comparative analysis (QCA) and related techniques},
  year		= {2008}
}

@Article{	  fan2001variable,
  author	= {Fan, Jianqing and Li, Runze},
  date-added	= {2013-05-22 18:59:09 +0000},
  date-modified	= {2013-05-22 18:59:09 +0000},
  journal	= {Journal of the American Statistical Association},
  number	= {456},
  pages		= {1348--1360},
  publisher	= {Taylor \& Francis},
  title		= {Variable selection via nonconcave penalized likelihood and
		  its oracle properties},
  volume	= {96},
  year		= {2001},
  bdsk-file-1	= {YnBsaXN0MDDUAQIDBAUGJCVYJHZlcnNpb25YJG9iamVjdHNZJGFyY2hpdmVyVCR0b3ASAAGGoKgHCBMUFRYaIVUkbnVsbNMJCgsMDxJXTlMua2V5c1pOUy5vYmplY3RzViRjbGFzc6INDoACgAOiEBGABIAFgAdccmVsYXRpdmVQYXRoWWFsaWFzRGF0YV8QNC4uLy4uLy4uL0Ryb3Bib3gvUEFQRVJTL0ZhbjIwMDF7ZmFuMjAwMXZhcmlhYmxlfS5wZGbSFwsYGVdOUy5kYXRhTxEBxgAAAAABxgACAAAMRmlzaGVyQm9vdEhEAAAAAAAAAAAAAAAAAAAAzFfscEgrAAAAGpflHEZhbjIwMDF7ZmFuMjAwMXZhcmlhYmxlfS5wZGYAAAAAAAAAAAAAAAAAAAAAAAAAAAAAAAAAAAAAAAAAAAAAAAU6E6TNwn/UAAAAAAAAAAAAAwADAAAJIAAAAAAAAAAAAAAAAAAAAAZQQVBFUlMAEAAIAADMWDLAAAAAEQAIAADNwsYkAAAAAQAQABqX5QAZaUsAFH1DABR9QgACAEtGaXNoZXJCb290SEQ6VXNlcnM6AGp3Ym93ZXJzOgBEcm9wYm94OgBQQVBFUlM6AEZhbjIwMDF7ZmFuMjAwMXZhcmlhYmxlfS5wZGYAAA4AOgAcAEYAYQBuADIAMAAwADEAewBmAGEAbgAyADAAMAAxAHYAYQByAGkAYQBiAGwAZQB9AC4AcABkAGYADwAaAAwARgBpAHMAaABlAHIAQgBvAG8AdABIAEQAEgA6VXNlcnMvandib3dlcnMvRHJvcGJveC9QQVBFUlMvRmFuMjAwMXtmYW4yMDAxdmFyaWFibGV9LnBkZgATAAEvAAAVAAIAD///AACABtIbHB0eWiRjbGFzc25hbWVYJGNsYXNzZXNdTlNNdXRhYmxlRGF0YaMdHyBWTlNEYXRhWE5TT2JqZWN00hscIiNcTlNEaWN0aW9uYXJ5oiIgXxAPTlNLZXllZEFyY2hpdmVy0SYnVHJvb3SAAQAIABEAGgAjAC0AMgA3AEAARgBNAFUAYABnAGoAbABuAHEAcwB1AHcAhACOAMUAygDSApwCngKjAq4CtwLFAskC0ALZAt4C6wLuAwADAwMIAAAAAAAAAgEAAAAAAAAAKAAAAAAAAAAAAAAAAAAAAwo=}
		  
}

@Article{	  fan2008sure,
  author	= {Fan, Jianqing and Lv, Jinchi},
  date-added	= {2013-05-22 18:31:10 +0000},
  date-modified	= {2013-05-22 18:31:10 +0000},
  journal	= {Journal of the Royal Statistical Society: Series B
		  (Statistical Methodology)},
  number	= {5},
  pages		= {849--911},
  publisher	= {Wiley Online Library},
  title		= {Sure independence screening for ultrahigh dimensional
		  feature space},
  volume	= {70},
  year		= {2008},
  bdsk-file-1	= {YnBsaXN0MDDUAQIDBAUGJCVYJHZlcnNpb25YJG9iamVjdHNZJGFyY2hpdmVyVCR0b3ASAAGGoKgHCBMUFRYaIVUkbnVsbNMJCgsMDxJXTlMua2V5c1pOUy5vYmplY3RzViRjbGFzc6INDoACgAOiEBGABIAFgAdccmVsYXRpdmVQYXRoWWFsaWFzRGF0YV8QMC4uLy4uLy4uL0Ryb3Bib3gvUEFQRVJTL0ZhbjIwMDh7ZmFuMjAwOHN1cmV9LnBkZtIXCxgZV05TLmRhdGFPEQG2AAAAAAG2AAIAAAxGaXNoZXJCb290SEQAAAAAAAAAAAAAAAAAAADMV+xwSCsAAAAal+UYRmFuMjAwOHtmYW4yMDA4c3VyZX0ucGRmAAAAAAAAAAAAAAAAAAAAAAAAAAAAAAAAAAAAAAAAAAAAAAAAAAAABTn7ns3CeUAAAAAAAAAAAAADAAMAAAkgAAAAAAAAAAAAAAAAAAAABlBBUEVSUwAQAAgAAMxYMsAAAAARAAgAAM3Cv5AAAAABABAAGpflABlpSwAUfUMAFH1CAAIAR0Zpc2hlckJvb3RIRDpVc2VyczoAandib3dlcnM6AERyb3Bib3g6AFBBUEVSUzoARmFuMjAwOHtmYW4yMDA4c3VyZX0ucGRmAAAOADIAGABGAGEAbgAyADAAMAA4AHsAZgBhAG4AMgAwADAAOABzAHUAcgBlAH0ALgBwAGQAZgAPABoADABGAGkAcwBoAGUAcgBCAG8AbwB0AEgARAASADZVc2Vycy9qd2Jvd2Vycy9Ecm9wYm94L1BBUEVSUy9GYW4yMDA4e2ZhbjIwMDhzdXJlfS5wZGYAEwABLwAAFQACAA///wAAgAbSGxwdHlokY2xhc3NuYW1lWCRjbGFzc2VzXU5TTXV0YWJsZURhdGGjHR8gVk5TRGF0YVhOU09iamVjdNIbHCIjXE5TRGljdGlvbmFyeaIiIF8QD05TS2V5ZWRBcmNoaXZlctEmJ1Ryb290gAEACAARABoAIwAtADIANwBAAEYATQBVAGAAZwBqAGwAbgBxAHMAdQB3AIQAjgDBAMYAzgKIAooCjwKaAqMCsQK1ArwCxQLKAtcC2gLsAu8C9AAAAAAAAAIBAAAAAAAAACgAAAAAAAAAAAAAAAAAAAL2}
		  
}

@Article{	  breiman2001random,
  author	= {Breiman, Leo},
  date-added	= {2013-05-15 16:48:38 +0000},
  date-modified	= {2013-05-15 16:48:38 +0000},
  journal	= {Machine learning},
  number	= {1},
  pages		= {5--32},
  publisher	= {Springer},
  title		= {Random forests},
  volume	= {45},
  year		= {2001}
}

@Article{	  lucasfk2014,
  author	= {Samuel R. Lucas and Alisa Szatrowski},
  date-added	= {2013-05-15 16:29:51 +0000},
  date-modified	= {2013-06-11 20:45:52 +0000},
  journal	= {Sociological Methodology},
  title		= {Qualitative Comparative Analysis in Critical Perspective},
  year		= {2014}
}

@Article{	  wang2008note,
  author	= {Wang, Hansheng and Leng, Chenlei},
  date-added	= {2011-01-27 10:05:38 -0600},
  date-modified	= {2013-10-30 13:51:01 +0000},
  issn		= {0167-9473},
  journal	= {Computational Statistics \& Data Analysis},
  number	= {12},
  pages		= {5277--5286},
  publisher	= {Elsevier},
  title		= {A note on adaptive group lasso},
  volume	= {52},
  year		= {2008}
}

@Article{	  tibshirani1996regression,
  author	= {Tibshirani, Robert},
  date-added	= {2010-12-03 10:28:20 -0600},
  date-modified	= {2013-10-30 13:49:41 +0000},
  issn		= {0035-9246},
  journal	= {Journal of the Royal Statistical Society. Series B
		  (Methodological)},
  pages		= {267--288},
  publisher	= {JSTOR},
  title		= {Regression shrinkage and selection via the lasso},
  year		= {1996}
}

@Article{	  zou2004regression,
  author	= {Zou, Hui and Hastie, Trevor},
  date-added	= {2010-12-03 10:22:42 -0600},
  date-modified	= {2013-10-30 13:52:27 +0000},
  journal	= {JR Statist. Soc. B},
  publisher	= {Citeseer},
  title		= {Regression shrinkage and selection via the elastic net,
		  with applications to microarrays},
  year		= {2004}
}

@Book{		  hasttibfried09,
  author	= {Hastie, Trevor and Tibshirani, Robert and Friedman,
		  Jerome},
  citeulike-article-id={106957},
  date-added	= {2010-12-03 09:55:30 -0600},
  date-modified	= {2013-05-26 16:43:01 +0000},
  edition	= {2nd},
  keywords	= {statistics},
  publisher	= {Springer-Verlag},
  title		= {The Elements of Statistical Learning: Data Mining,
		  Inference and Prediction},
  url		= {http://www-stat.stanford.edu/~tibs/ElemStatLearn/},
  year		= {2009},
  bdsk-url-1	= {http://www-stat.stanford.edu/~tibs/ElemStatLearn/}
}

@Article{	  zou2006adaptive,
  author	= {Zou, Hui},
  date-added	= {2010-11-22 11:35:16 -0600},
  date-modified	= {2013-10-30 13:51:54 +0000},
  issn		= {0162-1459},
  journal	= {Journal of the American Statistical Association},
  number	= {476},
  pages		= {1418--1429},
  publisher	= {ASA},
  title		= {The adaptive lasso and its oracle properties},
  volume	= {101},
  year		= {2006},
  bdsk-file-1	= {YnBsaXN0MDDUAQIDBAUGJCVYJHZlcnNpb25YJG9iamVjdHNZJGFyY2hpdmVyVCR0b3ASAAGGoKgHCBMUFRYaIVUkbnVsbNMJCgsMDxJXTlMua2V5c1pOUy5vYmplY3RzViRjbGFzc6INDoACgAOiEBGABIAFgAdccmVsYXRpdmVQYXRoWWFsaWFzRGF0YV8QNC4uLy4uLy4uL0Ryb3Bib3gvUEFQRVJTL1pvdTIwMDZ7em91MjAwNmFkYXB0aXZlfS5wZGbSFwsYGVdOUy5kYXRhTxEBxgAAAAABxgACAAAMRmlzaGVyQm9vdEhEAAAAAAAAAAAAAAAAAAAAzFfscEgrAAAAGpflHFpvdTIwMDZ7em91MjAwNmFkYXB0aXZlfS5wZGYAAAAAAAAAAAAAAAAAAAAAAAAAAAAAAAAAAAAAAAAAAAAAAAAanJbJEATLAAAAAAAAAAAAAwADAAAJIAAAAAAAAAAAAAAAAAAAAAZQQVBFUlMAEAAIAADMWDLAAAAAEQAIAADJEFkrAAAAAQAQABqX5QAZaUsAFH1DABR9QgACAEtGaXNoZXJCb290SEQ6VXNlcnM6AGp3Ym93ZXJzOgBEcm9wYm94OgBQQVBFUlM6AFpvdTIwMDZ7em91MjAwNmFkYXB0aXZlfS5wZGYAAA4AOgAcAFoAbwB1ADIAMAAwADYAewB6AG8AdQAyADAAMAA2AGEAZABhAHAAdABpAHYAZQB9AC4AcABkAGYADwAaAAwARgBpAHMAaABlAHIAQgBvAG8AdABIAEQAEgA6VXNlcnMvandib3dlcnMvRHJvcGJveC9QQVBFUlMvWm91MjAwNnt6b3UyMDA2YWRhcHRpdmV9LnBkZgATAAEvAAAVAAIAD///AACABtIbHB0eWiRjbGFzc25hbWVYJGNsYXNzZXNdTlNNdXRhYmxlRGF0YaMdHyBWTlNEYXRhWE5TT2JqZWN00hscIiNcTlNEaWN0aW9uYXJ5oiIgXxAPTlNLZXllZEFyY2hpdmVy0SYnVHJvb3SAAQAIABEAGgAjAC0AMgA3AEAARgBNAFUAYABnAGoAbABuAHEAcwB1AHcAhACOAMUAygDSApwCngKjAq4CtwLFAskC0ALZAt4C6wLuAwADAwMIAAAAAAAAAgEAAAAAAAAAKAAAAAAAAAAAAAAAAAAAAwo=}
		  
}
